@Manual{R-base,
    title = {R: A Language and Environment for Statistical Computing},
    author = {{R Core Team}},
    organization = {R Foundation for Statistical Computing},
    address = {Vienna, Austria},
    year = {2017},
    url = {https://www.R-project.org/},
  }

@Manual{R-caret,
    title = {caret: Classification and Regression Training},
    author = {Max Kuhn},
    year = {2018},
    note = {R package version 6.0-79},
    url = {https://CRAN.R-project.org/package=caret},
  }

@Manual{R-kknn,
    title = {kknn: Weighted k-Nearest Neighbors},
    author = {Klaus Schliep and Klaus Hechenbichler},
    year = {2016},
    note = {R package version 1.3.1},
    url = {https://CRAN.R-project.org/package=kknn},
  }

@article{chave2014improved,
  title={Improved allometric models to estimate the aboveground biomass of tropical trees},
  author={Chave, J{\'e}r{\^o}me and R{\'e}jou-M{\'e}chain, Maxime and B{\'u}rquez, Alberto and Chidumayo, Emmanuel and Colgan, Matthew S and Delitti, Welington BC and Duque, Alvaro and Eid, Tron and Fearnside, Philip M and Goodman, Rosa C and others},
  journal={Global change biology},
  volume={20},
  number={10},
  pages={3177--3190},
  year={2014},
  publisher={Wiley Online Library}
}

@article{baskerville1972use,
  title={Use of logarithmic regression in the estimation of plant biomass},
  author={Baskerville, GL},
  journal={Canadian Journal of Forest Research},
  volume={2},
  number={1},
  pages={49--53},
  year={1972},
  publisher={NRC Research Press}
}

@Manual{BIOMASS,
    title = {BIOMASS: Estimating Aboveground Biomass and Its Uncertainty in Tropical
Forests},
    author = {Maxime REJOU-MECHAIN and Ariane TANGUY and Camille PIPONIOT and Jerome CHAVE and Bruno HERAULT},
    year = {2018},
    note = {R package version 1.2},
    url = {https://CRAN.R-project.org/package=BIOMASS},
  }


@book{kuhn2013applied,
  title={Applied predictive modeling},
  author={Kuhn, Max and Johnson, Kjell},
  volume={810},
  year={2013},
  publisher={Springer}
}

@book{torgo2017data,
  title={Data mining with R: learning with case studies},
  author={Torgo, Luis},
  year={2017},
  publisher={CRC press}
}

@article{zhao2016improvement,
  title={Improvement and comparison of weighted K nearest neighbors classifiers for model selection},
  author={Zhao, Ming and Chen, Jingchao},
  journal={Journal of Software Engineering},
  volume={10},
  number={1},
  pages={109--118},
  year={2016}
}

@article{hechenbichler2004weighted,
  title={Weighted k-nearest-neighbor techniques and ordinal classification},
  author={Hechenbichler, Klaus and Schliep, Klaus},
  year={2004}
}

@incollection{refaeilzadeh2009cross,
  title={Cross-validation},
  author={Refaeilzadeh, Payam and Tang, Lei and Liu, Huan},
  booktitle={Encyclopedia of database systems},
  pages={532--538},
  year={2009},
  publisher={Springer}
}

@article{bichara2012analise,
  title={Uma an{\'a}lise da pol{\'\i}tica nacional sobre mudan{\c{c}}a do clima de 2009},
  author={Bichara, Jahyr-Philppe and Lima, Raquel Ara{\'u}jo},
  journal={Cadernos de Direito},
  volume={12},
  number={23},
  pages={165--192},
  year={2012}
}

@article{ceron2013convencao,
  title={CONVENC{\~A}O-QUADRO DAS NAC{\~O}ES UNIDAS: Protocolo de Kyoto e a Pol{\'\i}tica Nacional Sobre Mudan{\c{c}}a do Clima},
  author={Ceron, Lucas Freier and Porto, Lucas Porciuncula},
  journal={Revista Eletr{\^o}nica do Curso de Direito da UFSM},
  volume={8},
  pages={529--540},
  year={2013}
}

@article{FAO,
  title={Climate change guidelines for forest managers},
  author={FAO},
  journal={FAO Forestry Paper},
  number={172},
  year={2013}
}

@article{sanquetta2002metodos,
  title={M{\'e}todos de determina{\c{c}}{\~a}o de biomassa florestal},
  author={SANQUETTA, Carlos Roberto},
  journal={As florestas e o carbono. Curitiba},
  pages={119--140},
  year={2002}
}

@article{batista2014quantificaccao,
  title={Quantifica{\c{c}}{\~a}o de recursos florestais: {\'a}rvores, arvoredos e florestas},
  author={Batista, Jo{\~a}o LF and Couto, HTZ do and Silva Filho, DF da},
  journal={S{\~a}o Paulo: Oficina de Textos},
  year={2014}
}

@article{higuchi2004dinamica,
  title={Din{\^a}mica e balan{\c{c}}o do carbono da vegeta{\c{c}}{\~a}o prim{\'a}ria da Amaz{\^o}nia Central},
  author={Higuchi, Niro and Chambers, Jeffrey and dos Santos, Joaquim and Ribeiro, Ralfh Jo{\~a}o and Pinto, Alberto Carlos Martins and da Silva, Roseana Pereira and de Miranda Rocha, Rosana and Tribuzy, Edgard Siza},
  journal={Floresta},
  volume={34},
  number={3},
  year={2004}
}

@article{sanquetta2015comparison,
  title={Comparison of data mining and allometric model in estimation of tree biomass},
  author={Sanquetta, Carlos R and Wojciechowski, Jaime and Dalla Corte, Ana P and Behling, Alexandre and Netto, Sylvio P{\'e}llico and Rodrigues, Aur{\'e}lio L and Sanquetta, Mateus NI},
  journal={BMC bioinformatics},
  volume={16},
  number={1},
  pages={247},
  year={2015},
  publisher={BioMed Central}
}


@article{sanquetta2013use,
  title={On the use of data mining for estimating carbon storage in the trees},
  author={Sanquetta, Carlos Roberto and Wojciechowski, Jaime and Dalla Corte, Ana Paula and Rodrigues, Aur{\'e}lio Louren{\c{c}}o and Maas, Greyce Charllyne Benedet},
  journal={Carbon balance and management},
  volume={8},
  number={1},
  pages={6},
  year={2013},
  publisher={Springer}
}
